<?xml version="1.0" encoding="UTF-8"?><collection xmlns="http://www.loc.gov/MARC21/slim"><record><leader>00393nam--2200133-i-4500</leader><controlfield tag="001">000016869</controlfield><controlfield tag="002">20161230</controlfield><controlfield tag="005">20161230201032</controlfield><controlfield tag="008">060222s1000------------r-----000-0-eng-d</controlfield><datafield ind1=" " ind2=" " tag="080"><subfield code="a">517.925:517.929.4</subfield></datafield><datafield ind1=" " ind2=" " tag="100"><subfield code="a">Baonov, D.D. And Simeonov, P.S</subfield></datafield><datafield ind1=" " ind2=" " tag="245"><subfield code="a">Systems with impulse efect. stability, theory and applications</subfield></datafield><datafield ind1=" " ind2=" " tag="260"><subfield code="a">Chichester, Ellis Horwood Limited, 1989. 255p</subfield></datafield><datafield ind1=" " ind2=" " tag="852"><subfield code="a">79495</subfield></datafield></record></collection>